<?xml version="1.0" encoding="UTF-8"?><collection xmlns="http://www.loc.gov/MARC21/slim"><record><leader>00370nam--2200157-i-4500</leader><controlfield tag="001">000043436</controlfield><controlfield tag="002">20161230</controlfield><controlfield tag="005">20170107011920</controlfield><controlfield tag="008">060222s1000------------r-----000-0-eng-d</controlfield><datafield ind1=" " ind2=" " tag="080"><subfield code="a">543.544.25</subfield></datafield><datafield ind1=" " ind2=" " tag="100"><subfield code="a">Szepesy, L</subfield></datafield><datafield ind1=" " ind2=" " tag="245"><subfield code="a">Gas chromatography</subfield></datafield><datafield ind1=" " ind2=" " tag="260"><subfield code="a">Budapest</subfield><subfield code="b">Akad©♭miai Kiad©đ</subfield><subfield code="c">1971</subfield></datafield><datafield ind1=" " ind2=" " tag="300"><subfield code="a">384 p</subfield></datafield><datafield ind1=" " ind2=" " tag="852"><subfield code="a">36695</subfield></datafield><datafield ind1=" " ind2=" " tag="CAT"><subfield code="a">SYS</subfield><subfield code="c">20170107</subfield><subfield code="h">011920</subfield></datafield></record></collection>